%%%%%%%%%%%%%%%%%%%%%%%%%%%%%%%%%%%%%%%%
% OPENMC
%%%%%%%%%%%%%%%%%%%%%%%%%%%%%%%%%%%%%%%%

@article{romano2013openmc,
  title = {{The OpenMC Monte Carlo Particle Transport Code}},
  author = {Romano, Paul K and Forget, Benoit},
  journal = {Annals of Nuclear Energy},
  volume = "51",
  pages = "274--281",
  year = 2013
}

@inproceedings{boyd2016bigdata,
  title = {{Equipping OpenMC for the Big Data Era}},
  author = {Boyd, William and Romano, Paul K and Harper, Sterling},
  booktitle = "PHYSOR",
  address = "Sun Valley, ID, USA",
  year = 2016
}

@misc{nndc2016endf,
  author = {{National Nuclear Data Center, Brookhaven National Laboratory}},
  title = {{ENDF/B-VII.1 Evaluated Nuclear Data Library}},
  howpublished = {\url{http://www.nndc.bnl.gov/endf/b7.1/}},
  note = {Accessed: 2016-08-09}
}

@inproceedings{lax2014distribcell,
  title = {{An Algorithm for Identifying Unique Regions in Constructive Solid Geometries}},
  author = "D. Lax and W. Boyd and N. Horelik",
  booktitle = "PHYSOR",
  address = "Kyoto, Japan",
  year = 2014
}

%%%%%%%%%%%%%%%%%%%%%%%%%%%%%%%%%%%%%%%%
% OPENMOC
%%%%%%%%%%%%%%%%%%%%%%%%%%%%%%%%%%%%%%%%

@article{boyd2014openmoc,
  title = {{The OpenMOC Method of Characteristics Neutral Particle Transport Code}},
  author = {Boyd, William and Shaner, Samuel and Li, Lulu and Forget, Benoit and Smith, Kord},
  journal = {Annals of Nuclear Energy},
  volume = "68",
  pages = "43--52",
  year = 2014
}

@article{boyd2016parallel,
  title = {{Parallel Performance Results for the OpenMOC Neutron Transport Code on Multicore Platforms}},
  author = {Boyd, William and Siegel, Andrew and He, Shuo and Forget, Benoit and Smith, Kord},
  journal = {Int'l Journ. of High Performance Computing Applications},
  year = 2016
}

%%%%%%%%%%%%%%%%%%%%%%%%%%%%%%%%%%%%%%%%
% OPENCG
%%%%%%%%%%%%%%%%%%%%%%%%%%%%%%%%%%%%%%%%

@inproceedings{boyd2015opencg,
  title = {{OpenCG: A Combinatorial Geometry Modeling Tool for Data Processing and Code Verification}},
  author = "W. Boyd and B. Forget and K. Smith",
  booktitle = "Int'l Conf. on Mathematics and Computational Methods Applied to Nuclear Science \& Engineering",
  address = "Nashville, TN, USA",
  year = 2015
}

%%%%%%%%%%%%%%%%%%%%%%%%%%%%%%%%%%%%%%%%
% BENCHMARKS
%%%%%%%%%%%%%%%%%%%%%%%%%%%%%%%%%%%%%%%%

@inproceedings{horelik2013beavrs,
    title = {{Benchmark for Evaluation and Validation of Reactor Simulations (BEAVRS), v1.0.1}},
    author = "N. Horelik and B. Herman and B. Forget and K. Smith",
    booktitle = "Int. Conf. Math. and Comp. Methods Applied to Nuc. Sci. \& Eng.",
    address = "Sun Valley, Idaho, USA",
    year = 2013
}

%%%%%%%%%%%%%%%%%%%%%%%%%%%%%%%%%%%%%%%%
% MONTE CARLO MGXS GENERATION STUDIES
%%%%%%%%%%%%%%%%%%%%%%%%%%%%%%%%%%%%%%%%

@phdthesis{boyd2016thesis,
  title = {{Reactor Agnostic Multi-Group Cross Section Generation for Fine-Mesh Deterministic Neutron Transport Simulations}},
  author = {Boyd, William R. D.},
  school = "Massachusetts Institute of Technology (submitted)",
  year = 2016
}

@manual{serpent2013manual,
  title = {{Serpent -- A Continuous-Energy Monte Carlo Reactor Physics Burnup Calculation Code}},
  author = "Lepp{\"a}nen, Jaakko",
  organization = {VTT Technical Research Centre of Finland},
  volume = "4",
  year = 2013
}

@phdthesis{redmond1997multigroup,
  title = {{Multi-Group Cross Section Generation via Monte Carlo Methods}},
  author = {Redmond, Everett Lee},
  school = "Massachusetts Institute of Technology",
  year = 1997
}

@phdthesis{nelson2014improved,
  title = {{Improved Convergence Rate of Multi-Group Scattering Moment Tallies for Monte Carlo Neutron Transport Codes}},
  author = "Nelson, Adam",
  school = {University of Michigan},
  year = 2014
}

@phdthesis{cai2014condensation,
  title = {{Condensation and Homogenization of Cross Sections for the Deterministic Transport Codes with Monte Carlo Method: Application to the GEN IV Fast Neutron Reactors}},
  author = {Cai, Li},
  school = {Universit{\'e} Paris Sud-Paris XI},
  year = 2014
}

@inproceedings{rhodes2006casmo,
  title = "CASMO-5 Development and Applications",
  author = "Rhodes, Joel and Smith, Kord and Lee, Deokjung",
  booktitle = "ANS Topical Meeting on Reactor Physics (PHYSOR)",
  pages = "10--14",
  year = 2006
}

%%%%%%%%%%%%%%%%%%%%%%%%%%%%%%%%%%%%%%%%
% PYTHON
%%%%%%%%%%%%%%%%%%%%%%%%%%%%%%%%%%%%%%%%

@article{walt2011numpy,
  title = {{The NumPy Array: A Structure for Efficient Numerical Computation}},
  author = "S. Walt and S. C. Colbert and G. Varoquaux",
  journal = "Computing in Science \& Engineering",
  volume = "13",
  number = "2", 
  pages = "22--30",
  year = "2011",
  doi = {10.1109/MCSE.2011.37}
}

@inproceedings{mckinney2010pandas,
  title = {{Data Structures for Statistical Computing in Python}},
  author = "W. McKinney",
  booktitle = "9th Python in Science Conference",
  pages = "51--56",
  year = 2010
}

@misc{jones2011scipy,
  title = {{SciPy}: Open Source Scientific Tools for {Python}},
  author = {Eric Jones and Travis Oliphant and Pearu Peterson and others},
  year = {2001--},
  url = "http://www.scipy.org/",
  note = {[Online; accessed 2016-07-07]}
}

@incollection{koranne2011hdf5,
  title = {{Hierarchical Data Format 5: HDF5}},
  author = "S. Koranne",
  booktitle = "Handbook of Open Source Tools",
  publisher = "Springer US",
  isbn = "978-1-4419-7719-9",
  pages = "191--200",
  year = 2011,
  doi = {10.1007/978-1-4419-7719-9_10},
}